% Journals
@article{guenter12,
   author = {Guenter, Brian and Finch, Mark and Drucker, Steven and Tan, Desney and Snyder, John},
   title = {Foveated 3D Graphics},
   journal = {ACM Trans. Graph.},
   issue_date = {November 2012},
   volume = {31},
   number = {6},
   month = nov,
   year = {2012},
   issn = {0730-0301},
   pages = {164:1--164:10},
   articleno = {164},
   numpages = {10},
   doi = {10.1145/2366145.2366183},
   acmid = {2366183},
   publisher = {ACM},
   address = {New York, NY, USA},
   keywords = {antialiasing, eccentricity, minimum angle of resolution (MAR), multiresolution gaze-contingent display (MGCD)},
} 
@article{rayner98,
   author = {Keith Rayner},
   title = {Eye movements in reading and information processing: 20 years of research},
   journal = {Psychological Bulletin},
   year = {1998},
   pages = {372--422},
}

% In proceedings
@inproceedings{stay87,
   author = {Stay, P.},
   title = {The Definition and Ray-Tracing of B-Spline Objects in a Combinatorial Solid Geometric Modeling System},
   year = {1987},
   booktitle = {Fourth USENIX Computer Graphics Workshop},
   organization = {Cambridge},
}
@inproceedings{levoy90,
   author = {Levoy, Marc and Whitaker, Ross},
   title = {Gaze-directed Volume Rendering},
   booktitle = {Proceedings of the 1990 Symposium on Interactive 3D Graphics},
   series = {I3D '90},
   year = {1990},
   isbn = {0-89791-351-5},
   location = {Snowbird, Utah, USA},
   pages = {217--223},
   numpages = {7},
   doi = {10.1145/91385.91449},
   acmid = {91449},
   publisher = {ACM},
   address = {New York, NY, USA},
} 


% Other publications
@book{duchowski07,
  title = {Eye Tracking Methodology: Theory and Practice},
  author = {Duchowski, A.},
  isbn = {9781846286094},
  lccn = {2006939204},
  series = {Methods in molecular biology},
  year = {2007},
  publisher = {Springer},
}
